@article{DBLP:journals/csur/PennekampMKBSWMSRGVLKSW24,
  author       = {Jan Pennekamp and
                  Roman Matzutt and
                  Christopher Klinkm{\"{u}}ller and
                  Lennart Bader and
                  Martin Serror and
                  Eric Wagner and
                  Sidra Malik and
                  Maria Spi{\ss} and
                  Jessica Rahn and
                  Tan G{\"{u}}rpinar and
                  Eduard Vlad and
                  Sander J. J. Leemans and
                  Salil S. Kanhere and
                  Volker Stich and
                  Klaus Wehrle},
  title        = {An Interdisciplinary Survey on Information Flows in Supply Chains},
  journal      = {{ACM} Comput. Surv.},
  volume       = {56},
  number       = {2},
  pages        = {32:1--32:38},
  year         = {2024},
  url          = {https://doi.org/10.1145/3606693},
  doi          = {10.1145/3606693},
  timestamp    = {Fri, 27 Oct 2023 01:00:00 +0200},
  biburl       = {https://dblp.org/rec/journals/csur/PennekampMKBSWMSRGVLKSW24.bib},
  bibsource    = {dblp computer science bibliography, https://dblp.org}
}

@article{DBLP:journals/corr/abs-2401-01022,
  author       = {Jan Pennekamp and
                  Roman Matzutt and
                  Christopher Klinkm{\"{u}}ller and
                  Lennart Bader and
                  Martin Serror and
                  Eric Wagner and
                  Sidra Malik and
                  Maria Spi{\ss} and
                  Jessica Rahn and
                  Tan G{\"{u}}rpinar and
                  Eduard Vlad and
                  Sander J. J. Leemans and
                  Salil S. Kanhere and
                  Volker Stich and
                  Klaus Wehrle},
  title        = {An Interdisciplinary Survey on Information Flows in Supply Chains},
  journal      = {CoRR},
  volume       = {abs/2401.01022},
  year         = {2024},
  url          = {https://doi.org/10.48550/arXiv.2401.01022},
  doi          = {10.48550/ARXIV.2401.01022},
  eprinttype    = {arXiv},
  eprint       = {2401.01022},
  timestamp    = {Mon, 15 Jan 2024 00:00:00 +0100},
  biburl       = {https://dblp.org/rec/journals/corr/abs-2401-01022.bib},
  bibsource    = {dblp computer science bibliography, https://dblp.org}
}

@article{DBLP:journals/artmed/LeemansPKW23,
  author       = {Sander J. J. Leemans and
                  Andrew Partington and
                  Jonathan Karnon and
                  Moe Thandar Wynn},
  title        = {Process mining for healthcare decision analytics with micro-costing
                  estimations},
  journal      = {Artif. Intell. Medicine},
  volume       = {135},
  pages        = {102473},
  year         = {2023},
  url          = {https://doi.org/10.1016/j.artmed.2022.102473},
  doi          = {10.1016/J.ARTMED.2022.102473},
  timestamp    = {Tue, 21 Mar 2023 00:00:00 +0100},
  biburl       = {https://dblp.org/rec/journals/artmed/LeemansPKW23.bib},
  bibsource    = {dblp computer science bibliography, https://dblp.org}
}

@article{DBLP:journals/bpmj/MamuduBLW23,
  author       = {Azumah Mamudu and
                  Wasana Bandara and
                  Sander J. J. Leemans and
                  Moe Thandar Wynn},
  title        = {A process mining impacts framework},
  journal      = {Bus. Process. Manag. J.},
  volume       = {29},
  number       = {3},
  pages        = {690--709},
  year         = {2023},
  url          = {https://doi.org/10.1108/BPMJ-09-2022-0453},
  doi          = {10.1108/BPMJ-09-2022-0453},
  timestamp    = {Fri, 02 Jun 2023 01:00:00 +0200},
  biburl       = {https://dblp.org/rec/journals/bpmj/MamuduBLW23.bib},
  bibsource    = {dblp computer science bibliography, https://dblp.org}
}

@article{DBLP:journals/is/LeemansP23,
  author       = {Sander J. J. Leemans and
                  Artem Polyvyanyy},
  title        = {Stochastic-aware precision and recall measures for conformance checking
                  in process mining},
  journal      = {Inf. Syst.},
  volume       = {115},
  pages        = {102197},
  year         = {2023},
  url          = {https://doi.org/10.1016/j.is.2023.102197},
  doi          = {10.1016/J.IS.2023.102197},
  timestamp    = {Fri, 02 Jun 2023 01:00:00 +0200},
  biburl       = {https://dblp.org/rec/journals/is/LeemansP23.bib},
  bibsource    = {dblp computer science bibliography, https://dblp.org}
}

@article{DBLP:journals/is/LeemansMS23,
  author       = {Sander J. J. Leemans and
                  Lisa Luise Mannel and
                  Natalia Sidorova},
  title        = {Significant stochastic dependencies in process models},
  journal      = {Inf. Syst.},
  volume       = {118},
  pages        = {102223},
  year         = {2023},
  url          = {https://doi.org/10.1016/j.is.2023.102223},
  doi          = {10.1016/J.IS.2023.102223},
  timestamp    = {Sat, 14 Oct 2023 01:00:00 +0200},
  biburl       = {https://dblp.org/rec/journals/is/LeemansMS23.bib},
  bibsource    = {dblp computer science bibliography, https://dblp.org}
}

@article{DBLP:journals/kais/LeemansZL23,
  author       = {Sander J. J. Leemans and
                  Sebastiaan J. van Zelst and
                  Xixi Lu},
  title        = {Partial-order-based process mining: a survey and outlook},
  journal      = {Knowl. Inf. Syst.},
  volume       = {65},
  number       = {1},
  pages        = {1--29},
  year         = {2023},
  url          = {https://doi.org/10.1007/s10115-022-01777-3},
  doi          = {10.1007/S10115-022-01777-3},
  timestamp    = {Tue, 28 Feb 2023 00:00:00 +0100},
  biburl       = {https://dblp.org/rec/journals/kais/LeemansZL23.bib},
  bibsource    = {dblp computer science bibliography, https://dblp.org}
}

@article{DBLP:journals/tkde/LeemansMPH23,
  author       = {Sander J. J. Leemans and
                  James M. McGree and
                  Artem Polyvyanyy and
                  Arthur H. M. ter Hofstede},
  title        = {Statistical Tests and Association Measures for Business Processes},
  journal      = {{IEEE} Trans. Knowl. Data Eng.},
  volume       = {35},
  number       = {7},
  pages        = {7497--7511},
  year         = {2023},
  url          = {https://doi.org/10.1109/TKDE.2022.3197840},
  doi          = {10.1109/TKDE.2022.3197840},
  timestamp    = {Fri, 07 Jul 2023 01:00:00 +0200},
  biburl       = {https://dblp.org/rec/journals/tkde/LeemansMPH23.bib},
  bibsource    = {dblp computer science bibliography, https://dblp.org}
}

@inproceedings{DBLP:conf/apn/MannhardtLSL23,
  author       = {Felix Mannhardt and
                  Sander J. J. Leemans and
                  Christopher T. Schwanen and
                  Massimiliano de Leoni},
  editor       = {Lu{\'{\i}}s Gomes and
                  Robert Lorenz},
  title        = {Modelling Data-Aware Stochastic Processes - Discovery and Conformance
                  Checking},
  booktitle    = {Application and Theory of Petri Nets and Concurrency - 44th International
                  Conference, {PETRI} {NETS} 2023, Lisbon, Portugal, June 25-30, 2023,
                  Proceedings},
  series       = {Lecture Notes in Computer Science},
  volume       = {13929},
  pages        = {77--98},
  publisher    = {Springer},
  year         = {2023},
  url          = {https://doi.org/10.1007/978-3-031-33620-1\_5},
  doi          = {10.1007/978-3-031-33620-1\_5},
  timestamp    = {Fri, 02 Jun 2023 01:00:00 +0200},
  biburl       = {https://dblp.org/rec/conf/apn/MannhardtLSL23.bib},
  bibsource    = {dblp computer science bibliography, https://dblp.org}
}

@inproceedings{DBLP:conf/bpm/LeoniVLM23,
  author       = {Massimiliano de Leoni and
                  Francesco Vinci and
                  Sander J. J. Leemans and
                  Felix Mannhardt},
  editor       = {Chiara Di Francescomarino and
                  Andrea Burattin and
                  Christian Janiesch and
                  Shazia Sadiq},
  title        = {Investigating the Influence of Data-Aware Process States on Activity
                  Probabilities in Simulation Models: Does Accuracy Improve?},
  booktitle    = {Business Process Management - 21st International Conference, {BPM}
                  2023, Utrecht, The Netherlands, September 11-15, 2023, Proceedings},
  series       = {Lecture Notes in Computer Science},
  volume       = {14159},
  pages        = {129--145},
  publisher    = {Springer},
  year         = {2023},
  url          = {https://doi.org/10.1007/978-3-031-41620-0\_8},
  doi          = {10.1007/978-3-031-41620-0\_8},
  timestamp    = {Tue, 05 Sep 2023 20:33:25 +0200},
  biburl       = {https://dblp.org/rec/conf/bpm/LeoniVLM23.bib},
  bibsource    = {dblp computer science bibliography, https://dblp.org}
}

@inproceedings{DBLP:conf/bpm/MazharTLGWS23,
  author       = {Tabib Ibne Mazhar and
                  Asad Tariq and
                  Sander J. J. Leemans and
                  Kanika Goel and
                  Moe Thandar Wynn and
                  Andrew Staib},
  editor       = {Chiara Di Francescomarino and
                  Andrea Burattin and
                  Christian Janiesch and
                  Shazia Sadiq},
  title        = {Stochastic-Aware Comparative Process Mining in Healthcare},
  booktitle    = {Business Process Management - 21st International Conference, {BPM}
                  2023, Utrecht, The Netherlands, September 11-15, 2023, Proceedings},
  series       = {Lecture Notes in Computer Science},
  volume       = {14159},
  pages        = {341--358},
  publisher    = {Springer},
  year         = {2023},
  url          = {https://doi.org/10.1007/978-3-031-41620-0\_20},
  doi          = {10.1007/978-3-031-41620-0\_20},
  timestamp    = {Thu, 14 Sep 2023 01:00:00 +0200},
  biburl       = {https://dblp.org/rec/conf/bpm/MazharTLGWS23.bib},
  bibsource    = {dblp computer science bibliography, https://dblp.org}
}

@inproceedings{DBLP:conf/hicss/0002S0HWGLMESED23,
  author       = {Kanika Goel and
                  Sareh Sadeghianasl and
                  Robert Andrews and
                  Arthur H. M. ter Hofstede and
                  Moe Wynn and
                  Dakshi Kapugama Geeganage and
                  Sander J. J. Leemans and
                  James M. McGree and
                  Rebekah Eden and
                  Andrew Staib and
                  Rob Eley and
                  Raelene Donovan},
  editor       = {Tung X. Bui},
  title        = {Digital Health Data Imperfection Patterns and Their Manifestations
                  in an Australian Digital Hospital},
  booktitle    = {56th Hawaii International Conference on System Sciences, {HICSS} 2023,
                  Maui, Hawaii, USA, January 3-6, 2023},
  pages        = {3235--3244},
  publisher    = {ScholarSpace},
  year         = {2023},
  url          = {https://hdl.handle.net/10125/103029},
  timestamp    = {Thu, 16 Feb 2023 16:52:47 +0100},
  biburl       = {https://dblp.org/rec/conf/hicss/0002S0HWGLMESED23.bib},
  bibsource    = {dblp computer science bibliography, https://dblp.org}
}

@inproceedings{DBLP:conf/icpm/BurkeLWC23,
  author       = {Adam T. Burke and
                  Sander J. J. Leemans and
                  Moe Thandar Wynn and
                  Cameron D. Campbell},
  title        = {State Snapshot Process Discovery on Career Paths of Qing Dynasty Civil
                  Servants},
  booktitle    = {5th International Conference on Process Mining, {ICPM} 2023, Rome,
                  Italy, October 23-27, 2023},
  pages        = {73--80},
  publisher    = {{IEEE}},
  year         = {2023},
  url          = {https://doi.org/10.1109/ICPM60904.2023.10271942},
  doi          = {10.1109/ICPM60904.2023.10271942},
  timestamp    = {Fri, 20 Oct 2023 17:04:56 +0200},
  biburl       = {https://dblp.org/rec/conf/icpm/BurkeLWC23.bib},
  bibsource    = {dblp computer science bibliography, https://dblp.org}
}

@inproceedings{DBLP:conf/icpm/DettenSL23,
  author       = {Jan Niklas van Detten and
                  Pol Schumacher and
                  Sander J. J. Leemans},
  title        = {An Approximate Inductive Miner},
  booktitle    = {5th International Conference on Process Mining, {ICPM} 2023, Rome,
                  Italy, October 23-27, 2023},
  pages        = {129--136},
  publisher    = {{IEEE}},
  year         = {2023},
  url          = {https://doi.org/10.1109/ICPM60904.2023.10271971},
  doi          = {10.1109/ICPM60904.2023.10271971},
  timestamp    = {Fri, 20 Oct 2023 01:00:00 +0200},
  biburl       = {https://dblp.org/rec/conf/icpm/DettenSL23.bib},
  bibsource    = {dblp computer science bibliography, https://dblp.org}
}

@inproceedings{DBLP:conf/ijcai/LeemansMM23,
  author       = {Sander J. J. Leemans and
                  Fabrizio Maria Maggi and
                  Marco Montali},
  title        = {Finite-Trace Analysis of Stochastic Systems with Silent Transitions
                  (Extended Abstract)},
  booktitle    = {Proceedings of the Thirty-Second International Joint Conference on
                  Artificial Intelligence, {IJCAI} 2023, 19th-25th August 2023, Macao,
                  SAR, China},
  pages        = {6452--6457},
  publisher    = {ijcai.org},
  year         = {2023},
  url          = {https://doi.org/10.24963/ijcai.2023/719},
  doi          = {10.24963/IJCAI.2023/719},
  timestamp    = {Mon, 28 Aug 2023 17:23:07 +0200},
  biburl       = {https://dblp.org/rec/conf/ijcai/LeemansMM23.bib},
  bibsource    = {dblp computer science bibliography, https://dblp.org}
}

@article{DBLP:journals/corr/abs-2306-06376,
  author       = {Sander J. J. Leemans and
                  Fabrizio Maria Maggi and
                  Marco Montali},
  title        = {Enjoy the Silence: Analysis of Stochastic Petri Nets with Silent Transitions},
  journal      = {CoRR},
  volume       = {abs/2306.06376},
  year         = {2023},
  url          = {https://doi.org/10.48550/arXiv.2306.06376},
  doi          = {10.48550/ARXIV.2306.06376},
  eprinttype    = {arXiv},
  eprint       = {2306.06376},
  timestamp    = {Fri, 16 Jun 2023 01:00:00 +0200},
  biburl       = {https://dblp.org/rec/journals/corr/abs-2306-06376.bib},
  bibsource    = {dblp computer science bibliography, https://dblp.org}
}

@article{DBLP:journals/is/LeemansMM24,
  author       = {Sander J. J. Leemans and
                  Fabrizio Maria Maggi and
                  Marco Montali},
  title        = {Enjoy the Silence: Analysis of Stochastic Petri Nets with Silent Transitions},
  journal      = {Information Systems},
  volume       = {in press},
  year         = {2024},
  url          = {https://doi.org/10.48550/arXiv.2306.06376},
  doi          = {10.48550/ARXIV.2306.06376},
  eprinttype    = {arXiv},
  eprint       = {2306.06376},
  timestamp    = {Fri, 16 Jun 2023 01:00:00 +0200},
  biburl       = {https://dblp.org/rec/journals/corr/abs-2306-06376.bib},
  bibsource    = {dblp computer science bibliography, https://dblp.org}
}

@book{DBLP:series/lnbip/Leemans22,
  author       = {Sander J. J. Leemans},
  title        = {Robust Process Mining with Guarantees - Process Discovery, Conformance
                  Checking and Enhancement},
  series       = {Lecture Notes in Business Information Processing},
  volume       = {440},
  publisher    = {Springer},
  year         = {2022},
  url          = {https://doi.org/10.1007/978-3-030-96655-3},
  doi          = {10.1007/978-3-030-96655-3},
  isbn         = {978-3-030-96654-6},
  timestamp    = {Wed, 27 Apr 2022 01:00:00 +0200},
  biburl       = {https://dblp.org/rec/series/lnbip/Leemans22.bib},
  bibsource    = {dblp computer science bibliography, https://dblp.org}
}

@article{DBLP:journals/artmed/BanhamLWALS22,
  author       = {Adam Banham and
                  Sander J. J. Leemans and
                  Moe Thandar Wynn and
                  Robert Andrews and
                  Kevin B. Laupland and
                  Lucy Shinners},
  title        = {xPM: Enhancing exogenous data visibility},
  journal      = {Artif. Intell. Medicine},
  volume       = {133},
  pages        = {102409},
  year         = {2022},
  url          = {https://doi.org/10.1016/j.artmed.2022.102409},
  doi          = {10.1016/J.ARTMED.2022.102409},
  timestamp    = {Sun, 25 Dec 2022 00:00:00 +0100},
  biburl       = {https://dblp.org/rec/journals/artmed/BanhamLWALS22.bib},
  bibsource    = {dblp computer science bibliography, https://dblp.org}
}

@article{DBLP:journals/dss/FehrerFLRW22,
  author       = {Tobias Fehrer and
                  Dominik Andreas Fischer and
                  Sander J. J. Leemans and
                  Maximilian R{\"{o}}glinger and
                  Moe Thandar Wynn},
  title        = {An assisted approach to business process redesign},
  journal      = {Decis. Support Syst.},
  volume       = {156},
  pages        = {113749},
  year         = {2022},
  url          = {https://doi.org/10.1016/j.dss.2022.113749},
  doi          = {10.1016/J.DSS.2022.113749},
  timestamp    = {Tue, 21 Mar 2023 00:00:00 +0100},
  biburl       = {https://dblp.org/rec/journals/dss/FehrerFLRW22.bib},
  bibsource    = {dblp computer science bibliography, https://dblp.org}
}

@article{DBLP:journals/tkdd/GoelLMW22,
  author       = {Kanika Goel and
                  Sander J. J. Leemans and
                  Niels Martin and
                  Moe Thandar Wynn},
  title        = {Quality-Informed Process Mining: {A} Case for Standardised Data Quality
                  Annotations},
  journal      = {{ACM} Trans. Knowl. Discov. Data},
  volume       = {16},
  number       = {5},
  pages        = {97:1--97:47},
  year         = {2022},
  url          = {https://doi.org/10.1145/3511707},
  doi          = {10.1145/3511707},
  timestamp    = {Mon, 28 Aug 2023 01:00:00 +0200},
  biburl       = {https://dblp.org/rec/journals/tkdd/GoelLMW22.bib},
  bibsource    = {dblp computer science bibliography, https://dblp.org}
}

@inproceedings{DBLP:conf/ace/SimonJLBBJS22,
  author       = {Simon and
                  Meena Jha and
                  Sander J. J. Leemans and
                  Regina Berretta and
                  Ayse Aysin Bilgin and
                  Lakmali Jayarathna and
                  Judy Sheard},
  editor       = {Judy Sheard and
                  Paul Denny},
  title        = {Online Assessment and {COVID:} Opportunities and Challenges},
  booktitle    = {{ACE} '22: Australasian Computing Education Conference, Virtual Event,
                  Australia, February 14 - 18, 2022},
  pages        = {27--35},
  publisher    = {{ACM}},
  year         = {2022},
  url          = {https://doi.org/10.1145/3511861.3511865},
  doi          = {10.1145/3511861.3511865},
  timestamp    = {Sun, 26 Nov 2023 13:55:41 +0100},
  biburl       = {https://dblp.org/rec/conf/ace/SimonJLBBJS22.bib},
  bibsource    = {dblp computer science bibliography, https://dblp.org}
}

@inproceedings{DBLP:conf/apn/Leemans22,
  author       = {Sander J. J. Leemans},
  editor       = {Robert Lorenz and
                  Jan Martijn E. M. van der Werf and
                  Sebastiaan J. van Zelst},
  title        = {Leveraging Frequencies in Event Data a Pledge for Stochastic Process
                  Mining},
  booktitle    = {Proceedings of the Workshop on Algorithms {\&} Theories for the Analysis
                  of Event Data co-located with the 43rd International Conference on
                  Application and Theory of Petri Nets and Concurrency (Petri Nets 2022),
                  Bergen, Norway, June 19-24, 2022},
  series       = {{CEUR} Workshop Proceedings},
  volume       = {3167},
  pages        = {1--8},
  publisher    = {CEUR-WS.org},
  year         = {2022},
  url          = {http://ceur-ws.org/Vol-3167/invited1.pdf},
  timestamp    = {Fri, 22 Sep 2023 17:06:54 +0200},
  biburl       = {https://dblp.org/rec/conf/apn/Leemans22.bib},
  bibsource    = {dblp computer science bibliography, https://dblp.org}
}

@inproceedings{DBLP:conf/bpm/FehrerFLRW22,
  author       = {Tobias Fehrer and
                  Dominik Andreas Fischer and
                  Sander J. J. Leemans and
                  Maximilian R{\"{o}}glinger and
                  Moe Thandar Wynn},
  editor       = {Christian Janiesch and
                  Chiara Di Francescomarino and
                  Thomas Grisold and
                  Akhil Kumar and
                  Jan Mendling and
                  Brian T. Pentland and
                  Hajo A. Reijers and
                  Mathias Weske and
                  Robert Winter},
  title        = {A Tool for Assisted Business Process Redesign},
  booktitle    = {Proceedings of the Best Dissertation Award, Doctoral Consortium, and
                  Demonstration {\&} Resources Track at {BPM} 2022 co-located with 20th
                  International Conference on Business Process Management {(BPM} 2022),
                  M{\"{u}}nster, Germany, September 11th to 16th, 2022},
  series       = {{CEUR} Workshop Proceedings},
  volume       = {3216},
  pages        = {97--101},
  publisher    = {CEUR-WS.org},
  year         = {2022},
  url          = {https://ceur-ws.org/Vol-3216/paper\_243.pdf},
  timestamp    = {Fri, 10 Mar 2023 16:22:55 +0100},
  biburl       = {https://dblp.org/rec/conf/bpm/FehrerFLRW22.bib},
  bibsource    = {dblp computer science bibliography, https://dblp.org}
}

@inproceedings{DBLP:conf/bpm/DepaireJL22,
  author       = {Beno{\^{\i}}t Depaire and
                  Gert Janssenswillen and
                  Sander J. J. Leemans},
  editor       = {Claudio Di Ciccio and
                  Remco M. Dijkman and
                  Adela del{-}R{\'{\i}}o{-}Ortega and
                  Stefanie Rinderle{-}Ma},
  title        = {Alpha Precision: Estimating the Significant System Behavior in a Model},
  booktitle    = {Business Process Management Forum - {BPM} 2022 Forum, M{\"{u}}nster,
                  Germany, September 11-16, 2022, Proceedings},
  series       = {Lecture Notes in Business Information Processing},
  volume       = {458},
  pages        = {120--136},
  publisher    = {Springer},
  year         = {2022},
  url          = {https://doi.org/10.1007/978-3-031-16171-1\_8},
  doi          = {10.1007/978-3-031-16171-1\_8},
  timestamp    = {Mon, 05 Dec 2022 00:00:00 +0100},
  biburl       = {https://dblp.org/rec/conf/bpm/DepaireJL22.bib},
  bibsource    = {dblp computer science bibliography, https://dblp.org}
}

@inproceedings{DBLP:conf/bpm/MamuduBWL22,
  author       = {Azumah Mamudu and
                  Wasana Bandara and
                  Moe Thandar Wynn and
                  Sander J. J. Leemans},
  editor       = {Claudio Di Ciccio and
                  Remco M. Dijkman and
                  Adela del{-}R{\'{\i}}o{-}Ortega and
                  Stefanie Rinderle{-}Ma},
  title        = {A Process Mining Success Factors Model},
  booktitle    = {Business Process Management - 20th International Conference, {BPM}
                  2022, M{\"{u}}nster, Germany, September 11-16, 2022, Proceedings},
  series       = {Lecture Notes in Computer Science},
  volume       = {13420},
  pages        = {143--160},
  publisher    = {Springer},
  year         = {2022},
  url          = {https://doi.org/10.1007/978-3-031-16103-2\_12},
  doi          = {10.1007/978-3-031-16103-2\_12},
  timestamp    = {Thu, 22 Sep 2022 01:00:00 +0200},
  biburl       = {https://dblp.org/rec/conf/bpm/MamuduBWL22.bib},
  bibsource    = {dblp computer science bibliography, https://dblp.org}
}

@inproceedings{DBLP:conf/bpm/LeemansMM22,
  author       = {Sander J. J. Leemans and
                  Fabrizio Maria Maggi and
                  Marco Montali},
  editor       = {Claudio Di Ciccio and
                  Remco M. Dijkman and
                  Adela del{-}R{\'{\i}}o{-}Ortega and
                  Stefanie Rinderle{-}Ma},
  title        = {Reasoning on Labelled Petri Nets and Their Dynamics in a Stochastic
                  Setting},
  booktitle    = {Business Process Management - 20th International Conference, {BPM}
                  2022, M{\"{u}}nster, Germany, September 11-16, 2022, Proceedings},
  series       = {Lecture Notes in Computer Science},
  volume       = {13420},
  pages        = {324--342},
  publisher    = {Springer},
  year         = {2022},
  url          = {https://doi.org/10.1007/978-3-031-16103-2\_22},
  doi          = {10.1007/978-3-031-16103-2\_22},
  timestamp    = {Thu, 22 Sep 2022 01:00:00 +0200},
  biburl       = {https://dblp.org/rec/conf/bpm/LeemansMM22.bib},
  bibsource    = {dblp computer science bibliography, https://dblp.org}
}

@inproceedings{DBLP:conf/caise/LeemansT22,
  author       = {Sander J. J. Leemans and
                  Niek Tax},
  editor       = {Xavier Franch and
                  Geert Poels and
                  Frederik Gailly and
                  Monique Snoeck},
  title        = {Causal Reasoning over Control-Flow Decisions in Process Models},
  booktitle    = {Advanced Information Systems Engineering - 34th International Conference,
                  CAiSE 2022, Leuven, Belgium, June 6-10, 2022, Proceedings},
  series       = {Lecture Notes in Computer Science},
  volume       = {13295},
  pages        = {183--200},
  publisher    = {Springer},
  year         = {2022},
  url          = {https://doi.org/10.1007/978-3-031-07472-1\_11},
  doi          = {10.1007/978-3-031-07472-1\_11},
  timestamp    = {Mon, 13 Jun 2022 01:00:00 +0200},
  biburl       = {https://dblp.org/rec/conf/caise/LeemansT22.bib},
  bibsource    = {dblp computer science bibliography, https://dblp.org}
}

@inproceedings{DBLP:conf/icpm/Leemans22,
  author       = {Sander J. J. Leemans},
  editor       = {Marwan Hassani and
                  Agnes Koschmider and
                  Marco Comuzzi and
                  Fabrizio Maria Maggi and
                  Luise Pufahl},
  title        = {FilterTree: a Repeatable Branching {XES} Editor (Extended Abstract)},
  booktitle    = {Proceedings of the {ICPM} Doctoral Consortium and Demo Track 2022
                  co-located with 4th International Conference on Process Mining {(ICPM}
                  2022), Bolzano, Italy, October, 2022},
  series       = {{CEUR} Workshop Proceedings},
  volume       = {3299},
  pages        = {70--74},
  publisher    = {CEUR-WS.org},
  year         = {2022},
  url          = {https://ceur-ws.org/Vol-3299/Paper15.pdf},
  timestamp    = {Fri, 10 Mar 2023 16:22:44 +0100},
  biburl       = {https://dblp.org/rec/conf/icpm/Leemans22.bib},
  bibsource    = {dblp computer science bibliography, https://dblp.org}
}

@inproceedings{DBLP:conf/icpm/BurkeLWAH22,
  author       = {Adam T. Burke and
                  Sander J. J. Leemans and
                  Moe Thandar Wynn and
                  Wil M. P. van der Aalst and
                  Arthur H. M. ter Hofstede},
  editor       = {Andrea Burattin and
                  Artem Polyvyanyy and
                  Barbara Weber},
  title        = {Stochastic Process Model-Log Quality Dimensions: An Experimental Study},
  booktitle    = {4th International Conference on Process Mining, {ICPM} 2022, Bolzano,
                  Italy, October 23-28, 2022},
  pages        = {80--87},
  publisher    = {{IEEE}},
  year         = {2022},
  url          = {https://doi.org/10.1109/ICPM57379.2022.9980707},
  doi          = {10.1109/ICPM57379.2022.9980707},
  timestamp    = {Sat, 30 Sep 2023 01:00:00 +0200},
  biburl       = {https://dblp.org/rec/conf/icpm/BurkeLWAH22.bib},
  bibsource    = {dblp computer science bibliography, https://dblp.org}
}

@article{DBLP:journals/corr/abs-2203-10410,
  author       = {Sander J. J. Leemans},
  title        = {Language-Preserving Reduction Rules for Block-Structured Workflow
                  Nets},
  journal      = {CoRR},
  volume       = {abs/2203.10410},
  year         = {2022},
  url          = {https://doi.org/10.48550/arXiv.2203.10410},
  doi          = {10.48550/ARXIV.2203.10410},
  eprinttype    = {arXiv},
  eprint       = {2203.10410},
  timestamp    = {Tue, 29 Mar 2022 01:00:00 +0200},
  biburl       = {https://dblp.org/rec/journals/corr/abs-2203-10410.bib},
  bibsource    = {dblp computer science bibliography, https://dblp.org}
}

@article{DBLP:journals/bise/MartinFKGLRADRW21,
  author       = {Niels Martin and
                  Dominik Andreas Fischer and
                  Georgi Dimov Kerpedzhiev and
                  Kanika Goel and
                  Sander J. J. Leemans and
                  Maximilian R{\"{o}}glinger and
                  Wil M. P. van der Aalst and
                  Marlon Dumas and
                  Marcello La Rosa and
                  Moe Thandar Wynn},
  title        = {Opportunities and Challenges for Process Mining in Organizations:
                  Results of a Delphi Study},
  journal      = {Bus. Inf. Syst. Eng.},
  volume       = {63},
  number       = {5},
  pages        = {511--527},
  year         = {2021},
  url          = {https://doi.org/10.1007/s12599-021-00720-0},
  doi          = {10.1007/S12599-021-00720-0},
  timestamp    = {Sat, 30 Sep 2023 01:00:00 +0200},
  biburl       = {https://dblp.org/rec/journals/bise/MartinFKGLRADRW21.bib},
  bibsource    = {dblp computer science bibliography, https://dblp.org}
}

@article{DBLP:journals/is/LeemansABP21,
  author       = {Sander J. J. Leemans and
                  Wil M. P. van der Aalst and
                  Tobias Brockhoff and
                  Artem Polyvyanyy},
  title        = {Stochastic process mining: Earth movers' stochastic conformance},
  journal      = {Inf. Syst.},
  volume       = {102},
  pages        = {101724},
  year         = {2021},
  url          = {https://doi.org/10.1016/j.is.2021.101724},
  doi          = {10.1016/J.IS.2021.101724},
  timestamp    = {Thu, 16 Sep 2021 01:00:00 +0200},
  biburl       = {https://dblp.org/rec/journals/is/LeemansABP21.bib},
  bibsource    = {dblp computer science bibliography, https://dblp.org}
}

@article{DBLP:journals/sosym/AugustoDRLB21,
  author       = {Adriano Augusto and
                  Marlon Dumas and
                  Marcello La Rosa and
                  Sander J. J. Leemans and
                  Seppe K. L. M. vanden Broucke},
  title        = {Optimization framework for DFG-based automated process discovery approaches},
  journal      = {Softw. Syst. Model.},
  volume       = {20},
  number       = {4},
  pages        = {1245--1270},
  year         = {2021},
  url          = {https://doi.org/10.1007/s10270-020-00846-x},
  doi          = {10.1007/S10270-020-00846-X},
  timestamp    = {Wed, 07 Dec 2022 00:00:00 +0100},
  biburl       = {https://dblp.org/rec/journals/sosym/AugustoDRLB21.bib},
  bibsource    = {dblp computer science bibliography, https://dblp.org}
}

@inproceedings{DBLP:conf/apn/BurkeLW21,
  author       = {Adam Burke and
                  Sander J. J. Leemans and
                  Moe Thandar Wynn},
  editor       = {Didier Buchs and
                  Josep Carmona},
  title        = {Discovering Stochastic Process Models by Reduction and Abstraction},
  booktitle    = {Application and Theory of Petri Nets and Concurrency - 42nd International
                  Conference, {PETRI} {NETS} 2021, Virtual Event, June 23-25, 2021,
                  Proceedings},
  series       = {Lecture Notes in Computer Science},
  volume       = {12734},
  pages        = {312--336},
  publisher    = {Springer},
  year         = {2021},
  url          = {https://doi.org/10.1007/978-3-030-76983-3\_16},
  doi          = {10.1007/978-3-030-76983-3\_16},
  timestamp    = {Mon, 26 Jun 2023 01:00:00 +0200},
  biburl       = {https://dblp.org/rec/conf/apn/BurkeLW21.bib},
  bibsource    = {dblp computer science bibliography, https://dblp.org}
}

@inproceedings{DBLP:conf/bpm/0002LWHB21,
  author       = {Kanika Goel and
                  Sander J. J. Leemans and
                  Moe Thandar Wynn and
                  Arthur H. M. ter Hofstede and
                  Janne Barnes},
  editor       = {Massimiliano de Leoni and
                  Minseok Song and
                  Maximilian R{\"{o}}glinger},
  title        = {Improving PhD Student Journeys: Insights from an Australian Higher
                  Education Institution},
  booktitle    = {Proceedings of the Industry Forum at {BPM} 2021 co-located with 19th
                  International Conference on Business Process Management {(BPM} 2021),
                  Rome, Italy, September 6-10, 2021},
  series       = {{CEUR} Workshop Proceedings},
  volume       = {3112},
  pages        = {27--38},
  publisher    = {CEUR-WS.org},
  year         = {2021},
  url          = {https://ceur-ws.org/Vol-3112/paper4.pdf},
  timestamp    = {Fri, 10 Mar 2023 16:22:55 +0100},
  biburl       = {https://dblp.org/rec/conf/bpm/0002LWHB21.bib},
  bibsource    = {dblp computer science bibliography, https://dblp.org}
}

@inproceedings{DBLP:conf/bpm/EdenSLB21,
  author       = {Rebekah Eden and
                  Rehan Syed and
                  Sander J. J. Leemans and
                  Joos A. C. M. Buijs},
  editor       = {Artem Polyvyanyy and
                  Moe Thandar Wynn and
                  Amy Van Looy and
                  Manfred Reichert},
  title        = {A Case Study of Inconsistency in Process Mining Use: Implications
                  for the Theory of Effective Use},
  booktitle    = {Business Process Management - 19th International Conference, {BPM}
                  2021, Rome, Italy, September 06-10, 2021, Proceedings},
  series       = {Lecture Notes in Computer Science},
  volume       = {12875},
  pages        = {363--379},
  publisher    = {Springer},
  year         = {2021},
  url          = {https://doi.org/10.1007/978-3-030-85469-0\_23},
  doi          = {10.1007/978-3-030-85469-0\_23},
  timestamp    = {Thu, 14 Oct 2021 01:00:00 +0200},
  biburl       = {https://dblp.org/rec/conf/bpm/EdenSLB21.bib},
  bibsource    = {dblp computer science bibliography, https://dblp.org}
}

@inproceedings{DBLP:conf/icpm/BanhamLW021,
  author       = {Adam Banham and
                  Sander J. J. Leemans and
                  Moe Thandar Wynn and
                  Robert Andrews},
  editor       = {Jorge Munoz{-}Gama and
                  Xixi Lu},
  title        = {xPM: {A} Framework for Process Mining with Exogenous Data},
  booktitle    = {Process Mining Workshops - {ICPM} 2021 International Workshops, Eindhoven,
                  The Netherlands, October 31 - November 4, 2021, Revised Selected Papers},
  series       = {Lecture Notes in Business Information Processing},
  volume       = {433},
  pages        = {85--97},
  publisher    = {Springer},
  year         = {2021},
  url          = {https://doi.org/10.1007/978-3-030-98581-3\_7},
  doi          = {10.1007/978-3-030-98581-3\_7},
  timestamp    = {Tue, 30 Aug 2022 08:07:57 +0200},
  biburl       = {https://dblp.org/rec/conf/icpm/BanhamLW021.bib},
  bibsource    = {dblp computer science bibliography, https://dblp.org}
}

@proceedings{DBLP:conf/icpm/2020w,
  editor       = {Sander J. J. Leemans and
                  Henrik Leopold},
  title        = {Process Mining Workshops - {ICPM} 2020 International Workshops, Padua,
                  Italy, October 5-8, 2020, Revised Selected Papers},
  series       = {Lecture Notes in Business Information Processing},
  volume       = {406},
  publisher    = {Springer},
  year         = {2021},
  url          = {https://doi.org/10.1007/978-3-030-72693-5},
  doi          = {10.1007/978-3-030-72693-5},
  isbn         = {978-3-030-72692-8},
  timestamp    = {Fri, 09 Apr 2021 01:00:00 +0200},
  biburl       = {https://dblp.org/rec/conf/icpm/2020w.bib},
  bibsource    = {dblp computer science bibliography, https://dblp.org}
}

@article{DBLP:journals/algorithms/ZelstL20,
  author       = {Sebastiaan J. van Zelst and
                  Sander J. J. Leemans},
  title        = {Translating Workflow Nets to Process Trees: An Algorithmic Approach},
  journal      = {Algorithms},
  volume       = {13},
  number       = {11},
  pages        = {279},
  year         = {2020},
  url          = {https://doi.org/10.3390/a13110279},
  doi          = {10.3390/A13110279},
  timestamp    = {Tue, 29 Dec 2020 00:00:00 +0100},
  biburl       = {https://dblp.org/rec/journals/algorithms/ZelstL20.bib},
  bibsource    = {dblp computer science bibliography, https://dblp.org}
}

@article{DBLP:journals/cii/SyedSABLOHWWR20,
  author       = {Rehan Syed and
                  Suriadi Suriadi and
                  Michael Adams and
                  Wasana Bandara and
                  Sander J. J. Leemans and
                  Chun Ouyang and
                  Arthur H. M. ter Hofstede and
                  Inge van de Weerd and
                  Moe Thandar Wynn and
                  Hajo A. Reijers},
  title        = {Robotic Process Automation: Contemporary themes and challenges},
  journal      = {Comput. Ind.},
  volume       = {115},
  pages        = {103162},
  year         = {2020},
  url          = {https://doi.org/10.1016/j.compind.2019.103162},
  doi          = {10.1016/J.COMPIND.2019.103162},
  timestamp    = {Thu, 14 Oct 2021 01:00:00 +0200},
  biburl       = {https://dblp.org/rec/journals/cii/SyedSABLOHWWR20.bib},
  bibsource    = {dblp computer science bibliography, https://dblp.org}
}

@article{DBLP:journals/kais/LeemansF20,
  author       = {Sander J. J. Leemans and
                  Dirk Fahland},
  title        = {Information-preserving abstractions of event data in process mining},
  journal      = {Knowl. Inf. Syst.},
  volume       = {62},
  number       = {3},
  pages        = {1143--1197},
  year         = {2020},
  url          = {https://doi.org/10.1007/s10115-019-01376-9},
  doi          = {10.1007/S10115-019-01376-9},
  timestamp    = {Tue, 29 Dec 2020 00:00:00 +0100},
  biburl       = {https://dblp.org/rec/journals/kais/LeemansF20.bib},
  bibsource    = {dblp computer science bibliography, https://dblp.org}
}

@article{DBLP:journals/tkdd/OstovarLR20,
  author       = {Alireza Ostovar and
                  Sander J. J. Leemans and
                  Marcello La Rosa},
  title        = {Robust Drift Characterization from Event Streams of Business Processes},
  journal      = {{ACM} Trans. Knowl. Discov. Data},
  volume       = {14},
  number       = {3},
  pages        = {30:1--30:57},
  year         = {2020},
  url          = {https://doi.org/10.1145/3375398},
  doi          = {10.1145/3375398},
  timestamp    = {Sat, 08 Jan 2022 00:00:00 +0100},
  biburl       = {https://dblp.org/rec/journals/tkdd/OstovarLR20.bib},
  bibsource    = {dblp computer science bibliography, https://dblp.org}
}

@inproceedings{DBLP:conf/aied/ShabaninejadKLS20,
  author       = {Shiva Shabaninejad and
                  Hassan Khosravi and
                  Sander J. J. Leemans and
                  Shazia W. Sadiq and
                  Marta Indulska},
  editor       = {Ig Ibert Bittencourt and
                  Mutlu Cukurova and
                  Kasia Muldner and
                  Rose Luckin and
                  Eva Mill{\'{a}}n},
  title        = {Recommending Insightful Drill-Downs Based on Learning Processes for
                  Learning Analytics Dashboards},
  booktitle    = {Artificial Intelligence in Education - 21st International Conference,
                  {AIED} 2020, Ifrane, Morocco, July 6-10, 2020, Proceedings, Part {I}},
  series       = {Lecture Notes in Computer Science},
  volume       = {12163},
  pages        = {486--499},
  publisher    = {Springer},
  year         = {2020},
  url          = {https://doi.org/10.1007/978-3-030-52237-7\_39},
  doi          = {10.1007/978-3-030-52237-7\_39},
  timestamp    = {Thu, 23 Jun 2022 01:00:00 +0200},
  biburl       = {https://dblp.org/rec/conf/aied/ShabaninejadKLS20.bib},
  bibsource    = {dblp computer science bibliography, https://dblp.org}
}

@inproceedings{DBLP:conf/bpm/SyedLEB20,
  author       = {Rehan Syed and
                  Sander J. J. Leemans and
                  Rebekah Eden and
                  Joos A. C. M. Buijs},
  editor       = {Dirk Fahland and
                  Chiara Ghidini and
                  J{\"{o}}rg Becker and
                  Marlon Dumas},
  title        = {Process Mining Adoption - {A} Technology Continuity Versus Discontinuity
                  Perspective},
  booktitle    = {Business Process Management Forum - {BPM} Forum 2020, Seville, Spain,
                  September 13-18, 2020, Proceedings},
  series       = {Lecture Notes in Business Information Processing},
  volume       = {392},
  pages        = {229--245},
  publisher    = {Springer},
  year         = {2020},
  url          = {https://doi.org/10.1007/978-3-030-58638-6\_14},
  doi          = {10.1007/978-3-030-58638-6\_14},
  timestamp    = {Sun, 12 Nov 2023 00:00:00 +0100},
  biburl       = {https://dblp.org/rec/conf/bpm/SyedLEB20.bib},
  bibsource    = {dblp computer science bibliography, https://dblp.org}
}

@inproceedings{DBLP:conf/caise/LeemansP20,
  author       = {Sander J. J. Leemans and
                  Artem Polyvyanyy},
  editor       = {Schahram Dustdar and
                  Eric Yu and
                  Camille Salinesi and
                  Dominique Rieu and
                  Vik Pant},
  title        = {Stochastic-Aware Conformance Checking: An Entropy-Based Approach},
  booktitle    = {Advanced Information Systems Engineering - 32nd International Conference,
                  CAiSE 2020, Grenoble, France, June 8-12, 2020, Proceedings},
  series       = {Lecture Notes in Computer Science},
  volume       = {12127},
  pages        = {217--233},
  publisher    = {Springer},
  year         = {2020},
  url          = {https://doi.org/10.1007/978-3-030-49435-3\_14},
  doi          = {10.1007/978-3-030-49435-3\_14},
  timestamp    = {Tue, 16 Jun 2020 01:00:00 +0200},
  biburl       = {https://dblp.org/rec/conf/caise/LeemansP20.bib},
  bibsource    = {dblp computer science bibliography, https://dblp.org}
}

@inproceedings{DBLP:conf/er/EggerHKLRW20,
  author       = {Andreas Egger and
                  Arthur H. M. ter Hofstede and
                  Wolfgang Kratsch and
                  Sander J. J. Leemans and
                  Maximilian R{\"{o}}glinger and
                  Moe Thandar Wynn},
  editor       = {Gillian Dobbie and
                  Ulrich Frank and
                  Gerti Kappel and
                  Stephen W. Liddle and
                  Heinrich C. Mayr},
  title        = {Bot Log Mining: Using Logs from Robotic Process Automation for Process
                  Mining},
  booktitle    = {Conceptual Modeling - 39th International Conference, {ER} 2020, Vienna,
                  Austria, November 3-6, 2020, Proceedings},
  series       = {Lecture Notes in Computer Science},
  volume       = {12400},
  pages        = {51--61},
  publisher    = {Springer},
  year         = {2020},
  url          = {https://doi.org/10.1007/978-3-030-62522-1\_4},
  doi          = {10.1007/978-3-030-62522-1\_4},
  timestamp    = {Sat, 14 Nov 2020 00:00:00 +0100},
  biburl       = {https://dblp.org/rec/conf/er/EggerHKLRW20.bib},
  bibsource    = {dblp computer science bibliography, https://dblp.org}
}

@inproceedings{DBLP:conf/er/LeemansS0KSW20,
  author       = {Sander J. J. Leemans and
                  Shiva Shabaninejad and
                  Kanika Goel and
                  Hassan Khosravi and
                  Shazia W. Sadiq and
                  Moe Thandar Wynn},
  editor       = {Gillian Dobbie and
                  Ulrich Frank and
                  Gerti Kappel and
                  Stephen W. Liddle and
                  Heinrich C. Mayr},
  title        = {Identifying Cohorts: Recommending Drill-Downs Based on Differences
                  in Behaviour for Process Mining},
  booktitle    = {Conceptual Modeling - 39th International Conference, {ER} 2020, Vienna,
                  Austria, November 3-6, 2020, Proceedings},
  series       = {Lecture Notes in Computer Science},
  volume       = {12400},
  pages        = {92--102},
  publisher    = {Springer},
  year         = {2020},
  url          = {https://doi.org/10.1007/978-3-030-62522-1\_7},
  doi          = {10.1007/978-3-030-62522-1\_7},
  timestamp    = {Thu, 23 Jun 2022 01:00:00 +0200},
  biburl       = {https://dblp.org/rec/conf/er/LeemansS0KSW20.bib},
  bibsource    = {dblp computer science bibliography, https://dblp.org}
}

@inproceedings{DBLP:conf/er/LeemansS0KSW20a,
  author       = {Sander J. J. Leemans and
                  Shiva Shabaninejad and
                  Kanika Goel and
                  Hassan Khosravi and
                  Shazia W. Sadiq and
                  Moe Thandar Wynn},
  editor       = {Judith Michael and
                  Victoria Torres},
  title        = {Identifying Cohorts that Differ in their Behaviour: Tool Support},
  booktitle    = {{ER} Forum, Demo and Posters 2020 co-located with 39th International
                  Conference on Conceptual Modeling {(ER} 2020), Vienna, Austria, November
                  3-6, 2020},
  series       = {{CEUR} Workshop Proceedings},
  volume       = {2716},
  pages        = {163--167},
  publisher    = {CEUR-WS.org},
  year         = {2020},
  url          = {https://ceur-ws.org/Vol-2716/paper15.pdf},
  timestamp    = {Fri, 10 Mar 2023 16:22:42 +0100},
  biburl       = {https://dblp.org/rec/conf/er/LeemansS0KSW20a.bib},
  bibsource    = {dblp computer science bibliography, https://dblp.org}
}

@inproceedings{DBLP:conf/icis/BandaraVL20,
  author       = {Wasana Bandara and
                  Mythreyi Velmurugan and
                  Sander J. J. Leemans},
  editor       = {Joey F. George and
                  Souren Paul and
                  Rahul De' and
                  Elena Karahanna and
                  Suprateek Sarker and
                  Gal Oestreicher{-}Singer},
  title        = {Building 'holistic' Business process modelling skills for {IS} graduates},
  booktitle    = {Proceedings of the 41st International Conference on Information Systems,
                  {ICIS} 2020, Making Digital Inclusive: Blending the Locak and the
                  Global, Hyderabad, India, December 13-16, 2020},
  publisher    = {Association for Information Systems},
  year         = {2020},
  url          = {https://aisel.aisnet.org/icis2020/digital\_learning\_env/digital\_learning\_env/9},
  timestamp    = {Tue, 06 Apr 2021 14:35:57 +0200},
  biburl       = {https://dblp.org/rec/conf/icis/BandaraVL20.bib},
  bibsource    = {dblp computer science bibliography, https://dblp.org}
}

@inproceedings{DBLP:conf/icpm/PolyvyanyyACGKL20,
  author       = {Artem Polyvyanyy and
                  Hanan Alkhammash and
                  Claudio Di Ciccio and
                  Luciano Garc{\'{\i}}a{-}Ba{\~{n}}uelos and
                  Anna A. Kalenkova and
                  Sander J. J. Leemans and
                  Jan Mendling and
                  Alistair Moffat and
                  Matthias Weidlich},
  editor       = {Claudio Di Ciccio and
                  Beno{\^{\i}}t Depaire and
                  Jochen De Weerdt and
                  Chiara Di Francescomarino and
                  Jorge Munoz{-}Gama},
  title        = {Entropia: {A} Family of Entropy-Based Conformance Checking Measures
                  for Process Mining},
  booktitle    = {Proceedings of the {ICPM} Doctoral Consortium and Tool Demonstration
                  Track 2020 co-located with the 2nd International Conference on Process
                  Mining {(ICPM} 2020), Padua, Italy, October 4-9, 2020},
  series       = {{CEUR} Workshop Proceedings},
  volume       = {2703},
  pages        = {39--42},
  publisher    = {CEUR-WS.org},
  year         = {2020},
  url          = {https://ceur-ws.org/Vol-2703/paperTD6.pdf},
  timestamp    = {Fri, 26 May 2023 01:00:00 +0200},
  biburl       = {https://dblp.org/rec/conf/icpm/PolyvyanyyACGKL20.bib},
  bibsource    = {dblp computer science bibliography, https://dblp.org}
}

@inproceedings{DBLP:conf/icpm/Leemans0Z20,
  author       = {Sander J. J. Leemans and
                  Kanika Goel and
                  Sebastiaan J. van Zelst},
  editor       = {Boudewijn F. van Dongen and
                  Marco Montali and
                  Moe Thandar Wynn},
  title        = {Using Multi-Level Information in Hierarchical Process Mining: Balancing
                  Behavioural Quality and Model Complexity},
  booktitle    = {2nd International Conference on Process Mining, {ICPM} 2020, Padua,
                  Italy, October 4-9, 2020},
  pages        = {137--144},
  publisher    = {{IEEE}},
  year         = {2020},
  url          = {https://doi.org/10.1109/ICPM49681.2020.00029},
  doi          = {10.1109/ICPM49681.2020.00029},
  timestamp    = {Thu, 23 Jun 2022 01:00:00 +0200},
  biburl       = {https://dblp.org/rec/conf/icpm/Leemans0Z20.bib},
  bibsource    = {dblp computer science bibliography, https://dblp.org}
}

@inproceedings{DBLP:conf/icpm/BurkeLW20,
  author       = {Adam Burke and
                  Sander J. J. Leemans and
                  Moe Thandar Wynn},
  editor       = {Sander J. J. Leemans and
                  Henrik Leopold},
  title        = {Stochastic Process Discovery by Weight Estimation},
  booktitle    = {Process Mining Workshops - {ICPM} 2020 International Workshops, Padua,
                  Italy, October 5-8, 2020, Revised Selected Papers},
  series       = {Lecture Notes in Business Information Processing},
  volume       = {406},
  pages        = {260--272},
  publisher    = {Springer},
  year         = {2020},
  url          = {https://doi.org/10.1007/978-3-030-72693-5\_20},
  doi          = {10.1007/978-3-030-72693-5\_20},
  timestamp    = {Mon, 26 Jun 2023 01:00:00 +0200},
  biburl       = {https://dblp.org/rec/conf/icpm/BurkeLW20.bib},
  bibsource    = {dblp computer science bibliography, https://dblp.org}
}

@inproceedings{DBLP:conf/sac/SyamsiyahL20,
  author       = {Alifah Syamsiyah and
                  Sander J. J. Leemans},
  editor       = {Chih{-}Cheng Hung and
                  Tom{\'{a}}s Cern{\'{y}} and
                  Dongwan Shin and
                  Alessio Bechini},
  title        = {Process discovery using in-database minimum self distance abstractions},
  booktitle    = {{SAC} '20: The 35th {ACM/SIGAPP} Symposium on Applied Computing, online
                  event, [Brno, Czech Republic], March 30 - April 3, 2020},
  pages        = {26--35},
  publisher    = {{ACM}},
  year         = {2020},
  url          = {https://doi.org/10.1145/3341105.3373846},
  doi          = {10.1145/3341105.3373846},
  timestamp    = {Tue, 29 Dec 2020 00:00:00 +0100},
  biburl       = {https://dblp.org/rec/conf/sac/SyamsiyahL20.bib},
  bibsource    = {dblp computer science bibliography, https://dblp.org}
}

@article{DBLP:journals/corr/abs-2008-09558,
  author       = {Artem Polyvyanyy and
                  Hanan Alkhammash and
                  Claudio Di Ciccio and
                  Luciano Garc{\'{\i}}a{-}Ba{\~{n}}uelos and
                  Anna A. Kalenkova and
                  Sander J. J. Leemans and
                  Jan Mendling and
                  Alistair Moffat and
                  Matthias Weidlich},
  title        = {Entropia: {A} Family of Entropy-Based Conformance Checking Measures
                  for Process Mining},
  journal      = {CoRR},
  volume       = {abs/2008.09558},
  year         = {2020},
  url          = {https://arxiv.org/abs/2008.09558},
  eprinttype    = {arXiv},
  eprint       = {2008.09558},
  timestamp    = {Fri, 26 May 2023 01:00:00 +0200},
  biburl       = {https://dblp.org/rec/journals/corr/abs-2008-09558.bib},
  bibsource    = {dblp computer science bibliography, https://dblp.org}
}

@inproceedings{DBLP:conf/bpm/LeemansSA19,
  author       = {Sander J. J. Leemans and
                  Anja F. Syring and
                  Wil M. P. van der Aalst},
  editor       = {Thomas T. Hildebrandt and
                  Boudewijn F. van Dongen and
                  Maximilian R{\"{o}}glinger and
                  Jan Mendling},
  title        = {Earth Movers' Stochastic Conformance Checking},
  booktitle    = {Business Process Management Forum - {BPM} Forum 2019, Vienna, Austria,
                  September 1-6, 2019, Proceedings},
  series       = {Lecture Notes in Business Information Processing},
  volume       = {360},
  pages        = {127--143},
  publisher    = {Springer},
  year         = {2019},
  url          = {https://doi.org/10.1007/978-3-030-26643-1\_8},
  doi          = {10.1007/978-3-030-26643-1\_8},
  timestamp    = {Tue, 29 Dec 2020 00:00:00 +0100},
  biburl       = {https://dblp.org/rec/conf/bpm/LeemansSA19.bib},
  bibsource    = {dblp computer science bibliography, https://dblp.org}
}

@inproceedings{DBLP:conf/icpm/LeemansPW19,
  author       = {Sander J. J. Leemans and
                  Erik Poppe and
                  Moe Thandar Wynn},
  title        = {Directly Follows-Based Process Mining: Exploration {\&} a Case Study},
  booktitle    = {International Conference on Process Mining, {ICPM} 2019, Aachen, Germany,
                  June 24-26, 2019},
  pages        = {25--32},
  publisher    = {{IEEE}},
  year         = {2019},
  url          = {https://doi.org/10.1109/ICPM.2019.00015},
  doi          = {10.1109/ICPM.2019.00015},
  timestamp    = {Tue, 29 Dec 2020 00:00:00 +0100},
  biburl       = {https://dblp.org/rec/conf/icpm/LeemansPW19.bib},
  bibsource    = {dblp computer science bibliography, https://dblp.org}
}

@incollection{DBLP:reference/bdt/Leemans19,
  author       = {Sander J. J. Leemans},
  editor       = {Sherif Sakr and
                  Albert Y. Zomaya},
  title        = {Automated Process Discovery},
  booktitle    = {Encyclopedia of Big Data Technologies},
  publisher    = {Springer},
  year         = {2019},
  url          = {https://doi.org/10.1007/978-3-319-63962-8\_88-1},
  doi          = {10.1007/978-3-319-63962-8\_88-1},
  timestamp    = {Tue, 29 Dec 2020 00:00:00 +0100},
  biburl       = {https://dblp.org/rec/reference/bdt/Leemans19.bib},
  bibsource    = {dblp computer science bibliography, https://dblp.org}
}

@article{DBLP:journals/sosym/LeemansFA18,
  author       = {Sander J. J. Leemans and
                  Dirk Fahland and
                  Wil M. P. van der Aalst},
  title        = {Scalable process discovery and conformance checking},
  journal      = {Softw. Syst. Model.},
  volume       = {17},
  number       = {2},
  pages        = {599--631},
  year         = {2018},
  url          = {https://doi.org/10.1007/s10270-016-0545-x},
  doi          = {10.1007/S10270-016-0545-X},
  timestamp    = {Fri, 18 Sep 2020 01:00:00 +0200},
  biburl       = {https://dblp.org/rec/journals/sosym/LeemansFA18.bib},
  bibsource    = {dblp computer science bibliography, https://dblp.org}
}

@inproceedings{DBLP:conf/bpm/Leemans18,
  author       = {Sander J. J. Leemans},
  editor       = {Wil M. P. van der Aalst and
                  Fabio Casati and
                  Raffaele Conforti and
                  Massimiliano de Leoni and
                  Marlon Dumas and
                  Akhil Kumar and
                  Jan Mendling and
                  Surya Nepal and
                  Brian T. Pentland and
                  Barbara Weber},
  title        = {Robust Process Mining with Guarantees},
  booktitle    = {Proceedings of the Dissertation Award, Demonstration, and Industrial
                  Track at {BPM} 2018 co-located with 16th International Conference
                  on Business Process Management {(BPM} 2018), Sydney, Australia, September
                  9-14, 2018},
  series       = {{CEUR} Workshop Proceedings},
  volume       = {2196},
  pages        = {46--50},
  publisher    = {CEUR-WS.org},
  year         = {2018},
  url          = {https://ceur-ws.org/Vol-2196/BPM\_2018\_paper\_10.pdf},
  timestamp    = {Fri, 10 Mar 2023 16:22:55 +0100},
  biburl       = {https://dblp.org/rec/conf/bpm/Leemans18.bib},
  bibsource    = {dblp computer science bibliography, https://dblp.org}
}

@inproceedings{DBLP:conf/otm/LeemansTH18,
  author       = {Sander J. J. Leemans and
                  Niek Tax and
                  Arthur H. M. ter Hofstede},
  editor       = {Herv{\'{e}} Panetto and
                  Christophe Debruyne and
                  Henderik A. Proper and
                  Claudio Agostino Ardagna and
                  Dumitru Roman and
                  Robert Meersman},
  title        = {Indulpet Miner: Combining Discovery Algorithms},
  booktitle    = {On the Move to Meaningful Internet Systems. {OTM} 2018 Conferences
                  - Confederated International Conferences: CoopIS, C{\&}TC, and {ODBASE}
                  2018, Valletta, Malta, October 22-26, 2018, Proceedings, Part {I}},
  series       = {Lecture Notes in Computer Science},
  volume       = {11229},
  pages        = {97--115},
  publisher    = {Springer},
  year         = {2018},
  url          = {https://doi.org/10.1007/978-3-030-02610-3\_6},
  doi          = {10.1007/978-3-030-02610-3\_6},
  timestamp    = {Wed, 07 Dec 2022 00:00:00 +0100},
  biburl       = {https://dblp.org/rec/conf/otm/LeemansTH18.bib},
  bibsource    = {dblp computer science bibliography, https://dblp.org}
}

@inproceedings{DBLP:conf/bpm/SenderovichLHGM15,
  author       = {Arik Senderovich and
                  Sander J. J. Leemans and
                  Shahar Harel and
                  Avigdor Gal and
                  Avishai Mandelbaum and
                  Wil M. P. van der Aalst},
  editor       = {Manfred Reichert and
                  Hajo A. Reijers},
  title        = {Discovering Queues from Event Logs with Varying Levels of Information},
  booktitle    = {Business Process Management Workshops - {BPM} 2015, 13th International
                  Workshops, Innsbruck, Austria, August 31 - September 3, 2015, Revised
                  Papers},
  series       = {Lecture Notes in Business Information Processing},
  volume       = {256},
  pages        = {154--166},
  publisher    = {Springer},
  year         = {2015},
  url          = {https://doi.org/10.1007/978-3-319-42887-1\_13},
  doi          = {10.1007/978-3-319-42887-1\_13},
  timestamp    = {Sat, 19 Oct 2019 01:00:00 +0200},
  biburl       = {https://dblp.org/rec/conf/bpm/SenderovichLHGM15.bib},
  bibsource    = {dblp computer science bibliography, https://dblp.org}
}

@inproceedings{DBLP:conf/bpm/LeemansFA15,
  author       = {Sander J. J. Leemans and
                  Dirk Fahland and
                  Wil M. P. van der Aalst},
  editor       = {Manfred Reichert and
                  Hajo A. Reijers},
  title        = {Using Life Cycle Information in Process Discovery},
  booktitle    = {Business Process Management Workshops - {BPM} 2015, 13th International
                  Workshops, Innsbruck, Austria, August 31 - September 3, 2015, Revised
                  Papers},
  series       = {Lecture Notes in Business Information Processing},
  volume       = {256},
  pages        = {204--217},
  publisher    = {Springer},
  year         = {2015},
  url          = {https://doi.org/10.1007/978-3-319-42887-1\_17},
  doi          = {10.1007/978-3-319-42887-1\_17},
  timestamp    = {Sat, 19 Oct 2019 01:00:00 +0200},
  biburl       = {https://dblp.org/rec/conf/bpm/LeemansFA15.bib},
  bibsource    = {dblp computer science bibliography, https://dblp.org}
}

@inproceedings{DBLP:conf/caise/LeemansFA15,
  author       = {Sander J. J. Leemans and
                  Dirk Fahland and
                  Wil M. P. van der Aalst},
  editor       = {Khaled Gaaloul and
                  Rainer Schmidt and
                  Selmin Nurcan and
                  S{\'{e}}rgio Guerreiro and
                  Qin Ma},
  title        = {Scalable Process Discovery with Guarantees},
  booktitle    = {Enterprise, Business-Process and Information Systems Modeling - 16th
                  International Conference, {BPMDS} 2015, 20th International Conference,
                  {EMMSAD} 2015, Held at CAiSE 2015, Stockholm, Sweden, June 8-9, 2015,
                  Proceedings},
  series       = {Lecture Notes in Business Information Processing},
  volume       = {214},
  pages        = {85--101},
  publisher    = {Springer},
  year         = {2015},
  url          = {https://doi.org/10.1007/978-3-319-19237-6\_6},
  doi          = {10.1007/978-3-319-19237-6\_6},
  timestamp    = {Fri, 19 Mar 2021 08:43:31 +0100},
  biburl       = {https://dblp.org/rec/conf/caise/LeemansFA15.bib},
  bibsource    = {dblp computer science bibliography, https://dblp.org}
}

@inproceedings{DBLP:conf/caise/EckLLA15,
  author       = {Maikel L. van Eck and
                  Xixi Lu and
                  Sander J. J. Leemans and
                  Wil M. P. van der Aalst},
  editor       = {Jelena Zdravkovic and
                  Marite Kirikova and
                  Paul Johannesson},
  title        = {{PM} {\^{}}2 : {A} Process Mining Project Methodology},
  booktitle    = {Advanced Information Systems Engineering - 27th International Conference,
                  CAiSE 2015, Stockholm, Sweden, June 8-12, 2015, Proceedings},
  series       = {Lecture Notes in Computer Science},
  volume       = {9097},
  pages        = {297--313},
  publisher    = {Springer},
  year         = {2015},
  url          = {https://doi.org/10.1007/978-3-319-19069-3\_19},
  doi          = {10.1007/978-3-319-19069-3\_19},
  timestamp    = {Tue, 30 Aug 2022 01:00:00 +0200},
  biburl       = {https://dblp.org/rec/conf/caise/EckLLA15.bib},
  bibsource    = {dblp computer science bibliography, https://dblp.org}
}

@inproceedings{DBLP:conf/apn/LeemansFA14,
  author       = {Sander J. J. Leemans and
                  Dirk Fahland and
                  Wil M. P. van der Aalst},
  editor       = {Gianfranco Ciardo and
                  Ekkart Kindler},
  title        = {Discovering Block-Structured Process Models from Incomplete Event
                  Logs},
  booktitle    = {Application and Theory of Petri Nets and Concurrency - 35th International
                  Conference, {PETRI} {NETS} 2014, Tunis, Tunisia, June 23-27, 2014.
                  Proceedings},
  series       = {Lecture Notes in Computer Science},
  volume       = {8489},
  pages        = {91--110},
  publisher    = {Springer},
  year         = {2014},
  url          = {https://doi.org/10.1007/978-3-319-07734-5\_6},
  doi          = {10.1007/978-3-319-07734-5\_6},
  timestamp    = {Sat, 19 Oct 2019 01:00:00 +0200},
  biburl       = {https://dblp.org/rec/conf/apn/LeemansFA14.bib},
  bibsource    = {dblp computer science bibliography, https://dblp.org}
}

@inproceedings{DBLP:conf/bpm/LeemansFA14,
  author       = {Sander J. J. Leemans and
                  Dirk Fahland and
                  Wil M. P. van der Aalst},
  editor       = {Lior Limonad and
                  Barbara Weber},
  title        = {Process and Deviation Exploration with Inductive Visual Miner},
  booktitle    = {Proceedings of the {BPM} Demo Sessions 2014 Co-located with the 12th
                  International Conference on Business Process Management {(BPM} 2014),
                  Eindhoven, The Netherlands, September 10, 2014},
  series       = {{CEUR} Workshop Proceedings},
  volume       = {1295},
  pages        = {46},
  publisher    = {CEUR-WS.org},
  year         = {2014},
  url          = {https://ceur-ws.org/Vol-1295/paper19.pdf},
  timestamp    = {Fri, 10 Mar 2023 16:22:55 +0100},
  biburl       = {https://dblp.org/rec/conf/bpm/LeemansFA14.bib},
  bibsource    = {dblp computer science bibliography, https://dblp.org}
}

@inproceedings{DBLP:conf/bpm/LeemansFA14a,
  author       = {Sander J. J. Leemans and
                  Dirk Fahland and
                  Wil M. P. van der Aalst},
  editor       = {Fabiana Fournier and
                  Jan Mendling},
  title        = {Exploring Processes and Deviations},
  booktitle    = {Business Process Management Workshops - {BPM} 2014 International Workshops,
                  Eindhoven, The Netherlands, September 7-8, 2014, Revised Papers},
  series       = {Lecture Notes in Business Information Processing},
  volume       = {202},
  pages        = {304--316},
  publisher    = {Springer},
  year         = {2014},
  url          = {https://doi.org/10.1007/978-3-319-15895-2\_26},
  doi          = {10.1007/978-3-319-15895-2\_26},
  timestamp    = {Sat, 19 Oct 2019 01:00:00 +0200},
  biburl       = {https://dblp.org/rec/conf/bpm/LeemansFA14a.bib},
  bibsource    = {dblp computer science bibliography, https://dblp.org}
}

@inproceedings{DBLP:conf/bpm/Leemans14,
  author       = {Sander J. J. Leemans},
  editor       = {Fabiana Fournier and
                  Jan Mendling},
  title        = {Process Discovery and Exploration},
  booktitle    = {Business Process Management Workshops - {BPM} 2014 International Workshops,
                  Eindhoven, The Netherlands, September 7-8, 2014, Revised Papers},
  series       = {Lecture Notes in Business Information Processing},
  volume       = {202},
  pages        = {582--585},
  publisher    = {Springer},
  year         = {2014},
  url          = {https://doi.org/10.1007/978-3-319-15895-2\_52},
  doi          = {10.1007/978-3-319-15895-2\_52},
  timestamp    = {Sat, 19 Oct 2019 01:00:00 +0200},
  biburl       = {https://dblp.org/rec/conf/bpm/Leemans14.bib},
  bibsource    = {dblp computer science bibliography, https://dblp.org}
}

@article{DBLP:journals/scp/HwongKKLW13,
  author       = {Yi{-}Ling Hwong and
                  Jeroen J. A. Keiren and
                  Vincent J. J. Kusters and
                  Sander J. J. Leemans and
                  Tim A. C. Willemse},
  title        = {Formalising and analysing the control software of the Compact Muon
                  Solenoid Experiment at the Large Hadron Collider},
  journal      = {Sci. Comput. Program.},
  volume       = {78},
  number       = {12},
  pages        = {2435--2452},
  year         = {2013},
  url          = {https://doi.org/10.1016/j.scico.2012.11.009},
  doi          = {10.1016/J.SCICO.2012.11.009},
  timestamp    = {Wed, 17 Feb 2021 00:00:00 +0100},
  biburl       = {https://dblp.org/rec/journals/scp/HwongKKLW13.bib},
  bibsource    = {dblp computer science bibliography, https://dblp.org}
}

@inproceedings{DBLP:conf/apn/LeemansFA13,
  author       = {Sander J. J. Leemans and
                  Dirk Fahland and
                  Wil M. P. van der Aalst},
  editor       = {Jos{\'{e}} Manuel Colom and
                  J{\"{o}}rg Desel},
  title        = {Discovering Block-Structured Process Models from Event Logs - {A}
                  Constructive Approach},
  booktitle    = {Application and Theory of Petri Nets and Concurrency - 34th International
                  Conference, {PETRI} {NETS} 2013, Milan, Italy, June 24-28, 2013. Proceedings},
  series       = {Lecture Notes in Computer Science},
  volume       = {7927},
  pages        = {311--329},
  publisher    = {Springer},
  year         = {2013},
  url          = {https://doi.org/10.1007/978-3-642-38697-8\_17},
  doi          = {10.1007/978-3-642-38697-8\_17},
  timestamp    = {Sat, 19 Oct 2019 01:00:00 +0200},
  biburl       = {https://dblp.org/rec/conf/apn/LeemansFA13.bib},
  bibsource    = {dblp computer science bibliography, https://dblp.org}
}

@inproceedings{DBLP:conf/bpm/LeemansFA13,
  author       = {Sander J. J. Leemans and
                  Dirk Fahland and
                  Wil M. P. van der Aalst},
  editor       = {Niels Lohmann and
                  Minseok Song and
                  Petia Wohed},
  title        = {Discovering Block-Structured Process Models from Event Logs Containing
                  Infrequent Behaviour},
  booktitle    = {Business Process Management Workshops - {BPM} 2013 International Workshops,
                  Beijing, China, August 26, 2013, Revised Papers},
  series       = {Lecture Notes in Business Information Processing},
  volume       = {171},
  pages        = {66--78},
  publisher    = {Springer},
  year         = {2013},
  url          = {https://doi.org/10.1007/978-3-319-06257-0\_6},
  doi          = {10.1007/978-3-319-06257-0\_6},
  timestamp    = {Sat, 30 Sep 2023 09:35:40 +0200},
  biburl       = {https://dblp.org/rec/conf/bpm/LeemansFA13.bib},
  bibsource    = {dblp computer science bibliography, https://dblp.org}
}

@article{DBLP:journals/is/AlkhammashPMG22,
  author       = {Hanan Alkhammash and
                  Artem Polyvyanyy and
                  Alistair Moffat and
                  Luciano Garc{\'{\i}}a{-}Ba{\~{n}}uelos},
  title        = {Entropic relevance: {A} mechanism for measuring stochastic process
                  models discovered from event data},
  journal      = {Inf. Syst.},
  volume       = {107},
  pages        = {101922},
  year         = {2022},
  url          = {https://doi.org/10.1016/j.is.2021.101922},
  doi          = {10.1016/J.IS.2021.101922},
  timestamp    = {Wed, 18 May 2022 10:21:50 +0200},
  biburl       = {https://dblp.org/rec/journals/is/AlkhammashPMG22.bib},
  bibsource    = {dblp computer science bibliography, https://dblp.org}
}

@article{DBLP:journals/iandc/Rabin63,
  author       = {Michael O. Rabin},
  title        = {Probabilistic Automata},
  journal      = {Inf. Control.},
  volume       = {6},
  number       = {3},
  pages        = {230--245},
  year         = {1963},
  url          = {https://doi.org/10.1016/S0019-9958(63)90290-0},
  doi          = {10.1016/S0019-9958(63)90290-0},
  timestamp    = {Fri, 12 Feb 2021 22:16:14 +0100},
  biburl       = {https://dblp.org/rec/journals/iandc/Rabin63.bib},
  bibsource    = {dblp computer science bibliography, https://dblp.org}
}

@article{DBLP:journals/ijfcs/Mohri02,
  author       = {Mehryar Mohri},
  title        = {Generic e-Removal and Input e-Normalization Algorithms for Weighted
                  Transducers},
  journal      = {Int. J. Found. Comput. Sci.},
  volume       = {13},
  number       = {1},
  pages        = {129--143},
  year         = {2002}
}

@inproceedings{DBLP:conf/icpm/KabierskiRW23,
  author       = {Martin Kabierski and
                  Markus Richter and
                  Matthias Weidlich},
  title        = {Addressing the Log Representativeness Problem using Species Discovery},
  booktitle    = {{ICPM}},
  pages        = {65--72},
  publisher    = {{IEEE}},
  year         = {2023}
}

@book{DBLP:books/wi/KaufmanR90,
  author       = {Leonard Kaufman and
                  Peter J. Rousseeuw},
  title        = {Finding Groups in Data: An Introduction to Cluster Analysis},
  publisher    = {John Wiley},
  year         = {1990}
}

@article{DBLP:journals/is/SchubertR21,
  author       = {Erich Schubert and
                  Peter J. Rousseeuw},
  title        = {Fast and eager k-medoids clustering: O(k) runtime improvement of the
                  PAM, CLARA, and {CLARANS} algorithms},
  journal      = {Inf. Syst.},
  volume       = {101},
  pages        = {101804},
  year         = {2021}
}

@inproceedings{DBLP:conf/edoc/AdriansyahDA11,
  author       = {Arya Adriansyah and
                  Boudewijn F. van Dongen and
                  Wil M. P. van der Aalst},
  title        = {Conformance Checking Using Cost-Based Fitness Analysis},
  booktitle    = {Proceedings of the 15th {IEEE} International Enterprise Distributed
                  Object Computing Conference, {EDOC} 2011, Helsinki, Finland, August
                  29 - September 2, 2011},
  pages        = {55--64},
  publisher    = {{IEEE} Computer Society},
  year         = {2011},
  url          = {https://doi.org/10.1109/EDOC.2011.12},
  doi          = {10.1109/EDOC.2011.12},
  timestamp    = {Fri, 24 Mar 2023 00:04:50 +0100},
  biburl       = {https://dblp.org/rec/conf/edoc/AdriansyahDA11.bib},
  bibsource    = {dblp computer science bibliography, https://dblp.org}
}

@article{DBLP:journals/cim/AcamporaVSAGV17,
  author       = {Giovanni Acampora and
                  Autilia Vitiello and
                  Bruno N. Di Stefano and
                  Wil M. P. van der Aalst and
                  Christian W. G{\"{u}}nther and
                  Eric Verbeek},
  title        = {{IEEE} 1849: The {XES} Standard: The Second {IEEE} Standard Sponsored
                  by {IEEE} Computational Intelligence Society [Society Briefs]},
  journal      = {{IEEE} Comput. Intell. Mag.},
  volume       = {12},
  number       = {2},
  pages        = {4--8},
  year         = {2017},
  url          = {https://doi.org/10.1109/MCI.2017.2670420},
  doi          = {10.1109/MCI.2017.2670420},
  timestamp    = {Tue, 29 Dec 2020 18:16:31 +0100},
  biburl       = {https://dblp.org/rec/journals/cim/AcamporaVSAGV17.bib},
  bibsource    = {dblp computer science bibliography, https://dblp.org}
}

@inproceedings{DBLP:conf/bpm/KustersA24,
  author       = {Aaron K{\"{u}}sters and
                  Wil M. P. van der Aalst},
  editor       = {Adela del{-}R{\'{\i}}o{-}Ortega and
                  Marco Montali and
                  Stefanie Rinderle{-}Ma and
                  Hajo A. Reijers and
                  Jan vom Brocke and
                  Mathias Weske and
                  Beno{\^{\i}}t Depaire and
                  Marta Indulska and
                  Han van der Aa and
                  Weronika T. Adrian and
                  Laura Genga and
                  Sander J. J. Leemans and
                  Katarzyna Gdowska and
                  Mar{\'{\i}}a Teresa G{\'{o}}mez{-}L{\'{o}}pez and
                  Jana{-}Rebecca Rehse and
                  Simone Agostinelli},
  title        = {Rust4PM: {A} Versatile Process Mining Library for When Performance
                  Matters},
  booktitle    = {Proceedings of the Best Dissertation Award, Doctoral Consortium, and
                  Demonstration {\&} Resources Forum at {BPM} 2024 co-located with
                  22nd International Conference on Business Process Management {(BPM}
                  2024), Krakow, Poland, September 1st to 6th, 2024},
  series       = {{CEUR} Workshop Proceedings},
  volume       = {3758},
  pages        = {91--95},
  publisher    = {CEUR-WS.org},
  year         = {2024},
  url          = {https://ceur-ws.org/Vol-3758/paper-16.pdf},
  timestamp    = {Fri, 11 Oct 2024 22:19:15 +0200},
  biburl       = {https://dblp.org/rec/conf/bpm/KustersA24.bib},
  bibsource    = {dblp computer science bibliography, https://dblp.org}
}

@techreport{pnml,
type = {Standard},
key = {ISO/IEC 15909-2:2011},
month = mar,
year = {2011},
title = {Systems and software engineering — High-level Petri nets},
volume = {2011},
address = {Geneva, CH},
institution = {International Organization for Standardization}
}

@inproceedings{DBLP:conf/bpm/VerbeekBDA10,
  author       = {Eric Verbeek and
                  Joos C. A. M. Buijs and
                  Boudewijn F. van Dongen and
                  Wil M. P. van der Aalst},
  title        = {ProM 6: The Process Mining Toolkit},
  booktitle    = {{BPM} (Demos)},
  series       = {{CEUR} Workshop Proceedings},
  volume       = {615},
  publisher    = {CEUR-WS.org},
  year         = {2010}
}

@inproceedings{DBLP:conf/apn/Wolf18a,
  author       = {Karsten Wolf},
  editor       = {Victor Khomenko and
                  Olivier H. Roux},
  title        = {Petri Net Model Checking with LoLA 2},
  booktitle    = {Application and Theory of Petri Nets and Concurrency - 39th International
                  Conference, {PETRI} {NETS} 2018, Bratislava, Slovakia, June 24-29,
                  2018, Proceedings},
  series       = {Lecture Notes in Computer Science},
  volume       = {10877},
  pages        = {351--362},
  publisher    = {Springer},
  year         = {2018},
  url          = {https://doi.org/10.1007/978-3-319-91268-4\_18},
  doi          = {10.1007/978-3-319-91268-4\_18},
  timestamp    = {Mon, 03 Mar 2025 20:57:45 +0100},
  biburl       = {https://dblp.org/rec/conf/apn/Wolf18a.bib},
  bibsource    = {dblp computer science bibliography, https://dblp.org}
}

@article{esparza2019petri,
  title={Petri nets lecture notes},
  author={Esparza, Javier},
  year={2019}
}
